<?xml version="1.0" encoding="UTF-8"?><collection xmlns="http://www.loc.gov/MARC21/slim"><record><leader>00517nam--2200169-i-4500</leader><controlfield tag="001">000023243</controlfield><controlfield tag="002">20161230</controlfield><controlfield tag="005">20161230201034</controlfield><controlfield tag="008">060222s1000------------r-----000-0-eng-d</controlfield><datafield ind1=" " ind2=" " tag="040"><subfield code="a">IFIN-HH</subfield></datafield><datafield ind1=" " ind2=" " tag="080"><subfield code="a">539.12.162.8(061.3)</subfield></datafield><datafield ind1="1" ind2=" " tag="100"><subfield code="a">Ukrainian Academy Of Sciences</subfield></datafield><datafield ind1="1" ind2="0" tag="245"><subfield code="a">Xvth international conference on high energy physics</subfield><subfield code="b">Proceedings (kiev, august 26 september 4, 1970)</subfield></datafield><datafield ind1=" " ind2=" " tag="260"><subfield code="a">Kiev</subfield><subfield code="b">Naukova Dumka, Publishers</subfield><subfield code="c">1972</subfield></datafield><datafield ind1=" " ind2=" " tag="300"><subfield code="a">743P</subfield></datafield><datafield ind1=" " ind2=" " tag="852"><subfield code="a">38414</subfield><subfield code="c">539.131</subfield></datafield><datafield ind1=" " ind2=" " tag="CAT"><subfield code="a">Sys</subfield><subfield code="c">20120301</subfield><subfield code="h">163401</subfield></datafield></record></collection>